@Article{ArticlePLAY,
author = {},
 title = {Game Usability Heuristics (PLAY) for Evaluating and Designing Better Games: The Next Iteration},
 booktitle = {Proceedings of the 3D International Conference on Online Communities and Social Computing: Held As Part of HCI International 2009},
 series = {OCSC '09},
 year = {2009},
 isbn = {978-3-642-02773-4},
 location = {San Diego, CA},
 pages = {557--566},
 numpages = {10},
 publisher = {Springer-Verlag},
 address = {Berlin, Heidelberg},
}

@Article{ArticlePLAY2,
author = {},
 title = {Game Usability Heuristics (PLAY) for Evaluating and Designing Better Games: The Next Iteration},
 booktitle = {Proceedings of the 3D International Conference on Online Communities and Social Computing: Held As Part of HCI International 2009},
 series = {OCSC '09},
 year = {2009},
 isbn = {978-3-642-02773-4},
 location = {San Diego, CA},
 pages = {557--566},
 numpages = {10},
 publisher = {Springer-Verlag},
 address = {Berlin, Heidelberg},
}

@BOOK{DUMMY:1,
AUTHOR="John Doe",
TITLE="The Book without Title",
PUBLISHER="Dummy Publisher",
YEAR="2100",
}
